@article{Ahuja:1990,
  author          = {Ahuja, Ravindra K. and Mehlhorn, Kurt and Orlin, James and Tarjan, Robert E.},
  title           = {Faster Algorithms for the Shortest Path Problem},
  journal         = {J. ACM},
  issue_date      = {April 1990},
  volume          = {37},
  number          = {2},
  month           = apr,
  year            = {1990},
  issn            = {0004-5411},
  pages           = {213--223},
  numpages        = {11},
  url             = {http://doi.acm.org/10.1145/77600.77615},
  doi             = {10.1145/77600.77615},
  acmid           = {77615},
  publisher       = {ACM},
  address         = {New York, NY, USA},
}

@article {Cherkassky:1996,
  author          = {Cherkassky, Boris V. and Goldberg, Andrew V. and Radzik, Tomasz},
  title           = {Shortest paths algorithms: theory and experimental evaluation},
  journal         = {Math. Programming},
  fjournal        = {Mathematical Programming},
  volume          = {73},
  year            = {1996},
  number          = {2, Ser. A},
  pages           = {129--174},
  issn            = {0025-5610},
  coden           = {MHPGA4},
  mrclass         = {90C35 (90B10)},
  mrnumber        = {1392160 (96m:90116)},
  doi             = {10.1016/0025-5610(95)00021-6},
  url             = {http://dx.doi.org/10.1016/0025-5610(95)00021-6},
}

@incollection{Delling:2009,
  year            = {2009},
  isbn            = {978-3-642-02093-3},
  booktitle       = {Algorithmics of Large and Complex Networks},
  volume          = {5515},
  series          = {Lecture Notes in Computer Science},
  editor          = {Lerner, JÃ¼rgen and Wagner, Dorothea and Zweig, KatharinaA.},
  doi             = {10.1007/978-3-642-02094-0_7},
  title           = {Engineering Route Planning Algorithms},
  url             = {http://dx.doi.org/10.1007/978-3-642-02094-0_7},
  publisher       = {Springer Berlin Heidelberg},
  author          = {Delling, Daniel and Sanders, Peter and Schultes, Dominik and Wagner, Dorothea},
  pages           = {117-139},
  language        = {English}
}

@article{Dijkstra:1959,
  year            = {1959},
  issn            = {0029-599X},
  journal         = {Numerische Mathematik},
  volume          = {1},
  number          = {1},
  doi             = {10.1007/BF01386390},
  title           = {A note on two problems in connexion with graphs},
  url             = {http://dx.doi.org/10.1007/BF01386390},
  publisher       = {Springer-Verlag},
  author          = {Dijkstra, E.W.},
  pages           = {269-271},
  language        = {English}
}

@article{Hart:1968,
  author          = {Hart, P.E. and Nilsson, N.J. and Raphael, B.},
  journal         = {Systems Science and Cybernetics, IEEE Transactions on},
  title           = {A Formal Basis for the Heuristic Determination of Minimum Cost Paths},
  year            = {1968},
  month           = {July},
  volume          = {4},
  number          = {2},
  pages           = {100-107},
  keywords        = {Automatic control;Automatic programming;Chemical technology;Costs;Functional programming;Gradient methods;Instruction
                     sets;Mathematical programming;Minimax techniques;Minimization methods},
  doi             = {10.1109/TSSC.1968.300136},
  ISSN            = {0536-1567}
}

@article{Johnson:1977,
  author          = {Johnson, Donald B.},
  title           = {Efficient Algorithms for Shortest Paths in Sparse Networks},
  journal         = {J. ACM},
  issue_date      = {Jan. 1977},
  volume          = {24},
  number          = {1},
  month           = jan,
  year            = {1977},
  issn            = {0004-5411},
  pages           = {1--13},
  numpages        = {13},
  url             = {http://doi.acm.org/10.1145/321992.321993},
  doi             = {10.1145/321992.321993},
  acmid           = {321993},
  publisher       = {ACM},
  address         = {New York, NY, USA},
}

@article{Thorup:1999,
  author          = {Thorup, Mikkel},
  title           = {Undirected Single-source Shortest Paths with Positive Integer Weights in Linear Time},
  journal         = {J. ACM},
  issue_date      = {May 1999},
  volume          = {46},
  number          = {3},
  month           = may,
  year            = {1999},
  issn            = {0004-5411},
  pages           = {362--394},
  numpages        = {33},
  url             = {http://doi.acm.org/10.1145/316542.316548},
  doi             = {10.1145/316542.316548},
  acmid           = {316548},
  publisher       = {ACM},
  address         = {New York, NY, USA},
  keywords        = {RAM algorithms, shortest paths},
}

@article{Thorup:2000,
  author          = {Mikkel Thorup},
  title           = {On RAM Priority Queues},
  journal         = {SIAM Journal on Computing},
  volume          = {30},
  number          = {1},
  pages           = {86-109},
  year            = {2000},
  doi             = {10.1137/S0097539795288246},
  URL             = {http://dx.doi.org/10.1137/S0097539795288246}
}

@article {bellman:1958,
  author          = {Bellman, Richard},
  title           = {On a routing problem},
  journal         = {Quart. Appl. Math.},
  fjournal        = {Quarterly of Applied Mathematics},
  volume          = {16},
  year            = {1958},
  pages           = {87--90},
  issn            = {0033-569X},
  mrclass         = {90.00},
  mrnumber        = {0102435 (21 \#1228)},
  mrreviewer      = {A. Charnes}
}

@misc{osm:wiki:restriction,
  author          = {OpenStreetMap Wiki},
  title           = {Relation:restriction --- OpenStreetMap Wiki{,},},
  year            = {2014},
  url             = {http://wiki.openstreetmap.org/w/index.php?title=Relation:restriction&oldid=1105228},
  note            = {[Online; accessed 2-March-2015]}
}

@misc{Wikipedia:dijkstra,
  author          = {Wikipedia},
  title           = {Dijkstra's algorithm --- Wikipedia{,} The Free Encyclopedia},
  year            = {2015},
  url             = {http://en.wikipedia.org/w/index.php?title=Dijkstra%27s_algorithm&oldid=648542472},
  note            = {[Online; accessed 3-March-2015]}
}

@inproceedings{Fredman:1984,
  author          = {Fredman, Michael L. and Tarjan, R.E.},
  booktitle       = {Foundations of Computer Science, 1984. 25th Annual Symposium on},
  title           = {Fibonacci Heaps And Their Uses In Improved Network Optimization Algorithms},
  year            = {1984},
  month           = {Oct},
  pages           = {338-346},
  keywords        = {Algorithms;Data structures;Hydrogen;Intelligent networks;Shortest path problem;Tree graphs},
  doi             = {10.1109/SFCS.1984.715934},
  ISSN            = {0272-5428},
}

@article{VanEmdeboas:1976,
  year            = {1976},
  issn            = {0025-5661},
  journal         = {Mathematical systems theory},
  volume          = {10},
  number          = {1},
  doi             = {10.1007/BF01683268},
  title           = {Design and implementation of an efficient priority queue},
  url             = {http://dx.doi.org/10.1007/BF01683268},
  publisher       = {Springer-Verlag},
  author          = {van Emde Boas, P. and Kaas, R. and Zijlstra, E.},
  pages           = {99-127},
  language        = {English}
}

@article{Raman:1997,
  author          = {Raman, Rajeev},
  title           = {Recent Results on the Single-source Shortest Paths Problem},
  journal         = {SIGACT News},
  issue_date      = {June 1997},
  volume          = {28},
  number          = {2},
  month           = jun,
  year            = {1997},
  issn            = {0163-5700},
  pages           = {81--87},
  numpages        = {7},
  url             = {http://doi.acm.org/10.1145/261342.261352},
  doi             = {10.1145/261342.261352},
  acmid           = {261352},
  publisher       = {ACM},
  address         = {New York, NY, USA},
}

@misc{Wikipedia:shapefile,
  author          = {Wikipedia},
  title           = {Shapefile --- Wikipedia{,} The Free Encyclopedia},
  year            = {2015},
  url             = {http://en.wikipedia.org/w/index.php?title=Shapefile&oldid=645964804},
  note            = {[Online; accessed 3-March-2015]}
}

@misc{Warmerdam,
  author          = {Frank Warmerdam},
  title           = {Shapefile C Library},
  year            = {2015},
  url             = {http://shapelib.maptools.org/},
  note            = {[Online; accessed 3-March-2015]}
}

@inproceedings{Thorup:2003,
  author          = {Thorup, Mikkel},
  title           = {Integer Priority Queues with Decrease Key in Constant Time and the Single Source Shortest Paths Problem},
  booktitle       = {Proceedings of the Thirty-fifth Annual ACM Symposium on Theory of Computing},
  series          = {STOC '03},
  year            = {2003},
  isbn            = {1-58113-674-9},
  location        = {San Diego, CA, USA},
  pages           = {149--158},
  numpages        = {10},
  url             = {http://doi.acm.org/10.1145/780542.780566},
  doi             = {10.1145/780542.780566},
  acmid           = {780566},
  publisher       = {ACM},
  address         = {New York, NY, USA},
  keywords        = {Fibonacci heaps, priority queues, single source shortest paths},
}

@misc{Wikipedia:utm,
  author          = {Wikipedia},
  title           = {Universal Transverse Mercator coordinate system --- Wikipedia{,} The Free Encyclopedia},
  year            = {2015},
  url             = {http://en.wikipedia.org/w/index.php?title=Universal_Transverse_Mercator_coordinate_system&oldid=645313615},
  note            = {[Online; accessed 7-March-2015]}
}
